Date,Orders,Subtotal,Gross Sales,Refunds,Discounts,Net Sales,Cash,Gift Card Redemption,Store Credit Redemption,Taxes You Owe,Tips,Total Sales,Processing Fees,Snackpass Fees
9/28/2025,175,"$2,167.48 ","$2,362.85 ",$11.83 ,$128.69 ,"$2,222.33 ",$0.00 ,$0.00 ,$0.00 ,$6.85 ,$51.00 ,"$2,280.18 ",$119.01 ,$108.58 
9/27/2025,191,"$2,402.13 ","$2,614.95 ",$0.00 ,$155.07 ,"$2,459.88 ",$0.00 ,$0.00 ,$0.00 ,$11.07 ,$45.81 ,"$2,516.76 ",$130.37 ,$120.36 
9/26/2025,184,"$2,267.60 ","$2,481.27 ",$0.00 ,$156.97 ,"$2,324.30 ",$0.00 ,$0.00 ,$0.00 ,$8.97 ,$56.85 ,"$2,390.12 ",$124.54 ,$113.54 
9/25/2025,214,"$2,385.21 ","$2,629.29 ",$0.00 ,$180.58 ,"$2,448.71 ",$0.00 ,$0.00 ,$0.00 ,$3.90 ,$55.50 ,"$2,508.11 ",$137.07 ,$119.51 
9/24/2025,152,"$1,747.98 ","$1,945.63 ",$10.75 ,$142.75 ,"$1,792.13 ",$0.00 ,$0.00 ,$0.00 ,$5.70 ,$42.50 ,"$1,840.33 ",$99.38 ,$87.54 
9/23/2025,169,"$2,019.67 ","$2,212.19 ",$6.92 ,$135.90 ,"$2,069.37 ",$0.00 ,$0.00 ,$0.00 ,$5.74 ,$42.00 ,"$2,117.11 ",$112.45 ,$101.18 
9/22/2025,111,"$1,445.08 ","$1,588.30 ",$0.00 ,$109.87 ,"$1,478.43 ",$0.00 ,$0.00 ,$0.00 ,$6.22 ,$33.65 ,"$1,518.30 ",$77.40 ,$72.37 
9/21/2025,180,"$2,300.22 ","$2,471.84 ",$3.49 ,$114.33 ,"$2,354.02 ",$0.00 ,$0.00 ,$0.00 ,$5.88 ,$58.30 ,"$2,418.20 ",$124.33 ,$115.14 
9/20/2025,201,"$2,623.19 ","$2,810.25 ",$0.00 ,$125.81 ,"$2,684.44 ",$0.00 ,$0.00 ,$0.00 ,$9.63 ,$71.00 ,"$2,765.07 ",$140.51 ,$131.33 
9/19/2025,201,"$2,733.15 ","$2,918.64 ",$0.00 ,$124.34 ,"$2,794.30 ",$0.00 ,$0.00 ,$0.00 ,$8.83 ,$62.01 ,"$2,865.14 ",$143.42 ,$136.78 
9/18/2025,193,"$2,388.81 ","$2,576.76 ",$24.79 ,$105.41 ,"$2,446.56 ",$0.00 ,$0.00 ,$0.00 ,$4.60 ,$31.00 ,"$2,482.16 ",$130.82 ,$119.91 
9/17/2025,179,"$2,125.92 ","$2,216.78 ",$0.00 ,$37.61 ,"$2,179.17 ",$0.00 ,$0.00 ,$0.00 ,$6.78 ,$49.37 ,"$2,235.32 ",$118.74 ,$107.34 
9/16/2025,214,"$2,592.43 ","$2,744.26 ",$0.00 ,$87.73 ,"$2,656.53 ",$0.00 ,$0.00 ,$0.00 ,$7.90 ,$60.80 ,"$2,725.23 ",$143.28 ,$129.81 
9/15/2025,129,"$1,434.28 ","$1,588.90 ",$0.00 ,$115.37 ,"$1,473.53 ",$0.00 ,$0.00 ,$0.00 ,$4.52 ,$34.00 ,"$1,512.05 ",$82.74 ,$72.57 
9/14/2025,221,"$2,965.27 ","$3,116.29 ",$0.00 ,$85.27 ,"$3,031.02 ",$0.00 ,$0.00 ,$0.00 ,$6.35 ,$56.00 ,"$3,093.37 ",$156.00 ,$148.51 
9/13/2025,230,"$2,715.31 ","$2,830.38 ",$0.00 ,$46.07 ,"$2,784.31 ",$0.00 ,$0.00 ,$0.00 ,$6.99 ,$42.85 ,"$2,834.15 ",$151.48 ,$136.59 
9/12/2025,208,"$2,681.37 ","$2,833.00 ",$0.00 ,$89.33 ,"$2,743.67 ",$0.00 ,$0.00 ,$0.00 ,$6.92 ,$51.72 ,"$2,802.31 ",$143.65 ,$134.21 
9/11/2025,194,"$2,263.39 ","$2,490.86 ",$7.51 ,$162.61 ,"$2,320.74 ",$0.00 ,$0.00 ,$0.00 ,$10.62 ,$60.75 ,"$2,392.11 ",$128.02 ,$114.27 
9/10/2025,172,"$1,902.57 ","$2,106.87 ",$0.00 ,$152.80 ,"$1,954.07 ",$0.00 ,$0.00 ,$0.00 ,$6.13 ,$46.00 ,"$2,006.20 ",$109.79 ,$95.29 
9/9/2025,189,"$2,068.26 ","$2,266.13 ",$0.00 ,$140.82 ,"$2,125.31 ",$0.00 ,$0.00 ,$0.00 ,$4.96 ,$51.00 ,"$2,181.27 ",$120.40 ,$104.58 
9/8/2025,115,"$1,268.95 ","$1,398.25 ",$0.00 ,$95.35 ,"$1,302.90 ",$0.00 ,$0.00 ,$0.00 ,$2.96 ,$29.25 ,"$1,335.11 ",$73.22 ,$63.59 
9/7/2025,196,"$2,537.48 ","$2,677.79 ",$0.00 ,$81.71 ,"$2,596.08 ",$0.00 ,$0.00 ,$0.00 ,$5.91 ,$63.01 ,"$2,665.00 ",$136.25 ,$127.90 
9/6/2025,209,"$2,766.11 ","$2,939.82 ",$0.00 ,$110.36 ,"$2,829.46 ",$0.00 ,$0.00 ,$0.00 ,$5.64 ,$63.57 ,"$2,898.67 ",$146.73 ,$138.42 
9/5/2025,258,"$2,832.67 ","$3,154.67 ",$0.00 ,$245.20 ,"$2,909.47 ",$0.00 ,$0.00 ,$0.00 ,$9.87 ,$73.50 ,"$2,992.84 ",$164.19 ,$141.86 
9/4/2025,200,"$2,395.84 ","$2,627.90 ",$0.00 ,$172.66 ,"$2,455.24 ",$0.00 ,$0.00 ,$0.00 ,$9.54 ,$51.50 ,"$2,516.28 ",$133.00 ,$119.93 
9/3/2025,150,"$1,774.16 ","$1,995.21 ",$0.00 ,$175.05 ,"$1,820.16 ",$0.00 ,$0.00 ,$0.00 ,$6.22 ,$37.00 ,"$1,863.38 ",$99.13 ,$88.85 
9/2/2025,171,"$1,855.16 ","$2,059.09 ",$0.00 ,$151.98 ,"$1,907.11 ",$0.00 ,$0.00 ,$0.00 ,$2.72 ,$39.50 ,"$1,949.33 ",$108.22 ,$93.80 
9/1/2025,186,"$2,419.72 ","$2,660.11 ",$0.00 ,$185.09 ,"$2,475.02 ",$0.00 ,$0.00 ,$0.00 ,$11.20 ,$57.80 ,"$2,544.02 ",$129.54 ,$121.18 
8/31/2025,243,"$2,968.61 ","$3,270.71 ",$25.19 ,$204.61 ,"$3,040.91 ",$0.00 ,$0.00 ,$0.00 ,$19.31 ,$70.02 ,"$3,130.24 ",$164.51 ,$148.66 
8/30/2025,195,"$2,453.22 ","$2,690.80 ",$0.00 ,$178.93 ,"$2,511.87 ",$0.00 ,$0.00 ,$0.00 ,$5.55 ,$59.66 ,"$2,577.08 ",$133.36 ,$122.82 
8/29/2025,211,"$2,698.96 ","$2,845.09 ",$0.00 ,$82.78 ,"$2,762.31 ",$0.00 ,$0.00 ,$0.00 ,$9.58 ,$61.35 ,"$2,833.24 ",$145.46 ,$135.13 
8/28/2025,171,"$2,095.51 ","$2,284.80 ",$0.00 ,$137.14 ,"$2,147.66 ",$0.00 ,$0.00 ,$0.00 ,$4.26 ,$62.97 ,"$2,214.89 ",$115.65 ,$104.90 
8/27/2025,427,"$3,680.41 ","$5,310.01 ",$0.00 ,"$1,504.35 ","$3,805.66 ",$0.00 ,$0.00 ,$0.00 ,$13.26 ,$87.32 ,"$3,906.24 ",$241.42 ,$184.34 
8/26/2025,166,"$1,867.41 ","$2,102.74 ",$0.00 ,$185.43 ,"$1,917.31 ",$0.00 ,$0.00 ,$0.00 ,$8.61 ,$56.85 ,"$1,982.77 ",$107.36 ,$93.47 
8/25/2025,211,"$2,462.98 ","$2,723.31 ",$0.00 ,$195.68 ,"$2,527.63 ",$0.00 ,$0.00 ,$0.00 ,$5.88 ,$69.51 ,"$2,603.02 ",$139.11 ,$124.04 
8/24/2025,248,"$3,139.93 ","$3,450.88 ",$7.51 ,$229.99 ,"$3,213.38 ",$0.00 ,$0.00 ,$0.00 ,$6.74 ,$85.00 ,"$3,305.12 ",$170.60 ,$157.13 
8/23/2025,184,"$2,249.26 ","$2,459.57 ",$23.66 ,$131.80 ,"$2,304.11 ",$0.00 ,$0.00 ,$0.00 ,$7.70 ,$83.60 ,"$2,395.41 ",$125.46 ,$112.62 
8/22/2025,160,"$1,887.64 ","$2,047.89 ",$0.00 ,$111.95 ,"$1,935.94 ",$0.00 ,$0.00 ,$0.00 ,$5.03 ,$68.70 ,"$2,009.67 ",$105.95 ,$94.51 
8/21/2025,105,"$1,218.93 ","$1,336.05 ",$0.00 ,$85.77 ,"$1,250.28 ",$0.00 ,$0.00 ,$0.00 ,$5.28 ,$38.17 ,"$1,293.73 ",$69.06 ,$61.03 
8/20/2025,118,"$1,525.29 ","$1,672.06 ",$0.00 ,$109.87 ,"$1,562.19 ",$0.00 ,$0.00 ,$0.00 ,$3.65 ,$51.30 ,"$1,617.14 ",$82.15 ,$76.35 
8/19/2025,92,"$1,029.70 ","$1,133.29 ",$7.76 ,$68.28 ,"$1,057.25 ",$0.00 ,$0.00 ,$0.00 ,$3.24 ,$40.00 ,"$1,100.49 ",$59.79 ,$51.58 
8/18/2025,67,$857.41 ,$947.91 ,$0.00 ,$69.65 ,$878.26 ,$0.00 ,$0.00 ,$0.00 ,$7.56 ,$29.00 ,$914.82 ,$46.62 ,$42.91 
8/17/2025,99,"$1,308.14 ","$1,402.76 ",$0.00 ,$64.87 ,"$1,337.89 ",$0.00 ,$0.00 ,$0.00 ,$7.22 ,$41.00 ,"$1,386.11 ",$69.91 ,$65.50 
8/16/2025,104,"$1,447.75 ","$1,564.17 ",$0.00 ,$85.22 ,"$1,478.95 ",$0.00 ,$0.00 ,$0.00 ,$5.48 ,$63.00 ,"$1,547.43 ",$76.09 ,$72.45 
8/15/2025,109,"$1,508.18 ","$1,638.40 ",$0.00 ,$96.07 ,"$1,542.33 ",$0.00 ,$0.00 ,$0.00 ,$3.91 ,$51.78 ,"$1,598.02 ",$79.09 ,$75.46 
8/14/2025,113,"$1,411.46 ","$1,535.76 ",$0.00 ,$90.15 ,"$1,445.61 ",$0.00 ,$0.00 ,$0.00 ,$7.62 ,$62.00 ,"$1,515.23 ",$77.89 ,$70.69 
8/13/2025,85,$979.50 ,"$1,071.26 ",$0.00 ,$65.91 ,"$1,005.35 ",$0.00 ,$0.00 ,$0.00 ,$3.76 ,$32.00 ,"$1,041.11 ",$55.68 ,$49.06 
8/12/2025,78,$873.02 ,$981.60 ,$0.00 ,$84.28 ,$897.32 ,$0.00 ,$0.00 ,$0.00 ,$1.72 ,$21.45 ,$920.49 ,$50.15 ,$43.71 
8/11/2025,81,$913.16 ,$992.95 ,$0.00 ,$55.94 ,$937.01 ,$0.00 ,$0.00 ,$0.00 ,$3.92 ,$35.50 ,$976.43 ,$52.65 ,$45.75 
8/10/2025,112,"$1,274.59 ","$1,389.05 ",$0.00 ,$81.16 ,"$1,307.89 ",$0.00 ,$0.00 ,$0.00 ,$3.94 ,$43.17 ,"$1,355.00 ",$72.95 ,$63.80 
8/9/2025,96,"$1,338.98 ","$1,432.09 ",$0.00 ,$63.11 ,"$1,368.98 ",$0.00 ,$0.00 ,$0.00 ,$6.00 ,$40.91 ,"$1,415.89 ",$70.05 ,$67.39 
8/8/2025,89,"$1,271.52 ","$1,362.52 ",$0.00 ,$63.95 ,"$1,298.57 ",$0.00 ,$0.00 ,$0.00 ,$7.56 ,$44.01 ,"$1,350.14 ",$66.03 ,$64.09 
8/7/2025,103,"$1,388.00 ","$1,526.15 ",$7.95 ,$99.70 ,"$1,418.50 ",$0.00 ,$0.00 ,$0.00 ,$6.04 ,$38.60 ,"$1,463.14 ",$73.77 ,$69.85 
8/6/2025,100,"$1,449.53 ","$1,592.02 ",$24.81 ,$86.98 ,"$1,480.23 ",$0.00 ,$0.00 ,$0.00 ,$9.94 ,$44.66 ,"$1,534.83 ",$75.30 ,$72.52 
8/5/2025,70,$911.10 ,$982.67 ,$0.00 ,$50.77 ,$931.90 ,$0.00 ,$0.00 ,$0.00 ,$5.90 ,$28.00 ,$965.80 ,$49.01 ,$45.57 
8/4/2025,87,"$1,109.34 ","$1,191.37 ",$0.00 ,$55.58 ,"$1,135.79 ",$0.00 ,$0.00 ,$0.00 ,$5.44 ,$41.99 ,"$1,183.22 ",$60.40 ,$55.55 
8/3/2025,97,"$1,281.27 ","$1,366.09 ",$0.00 ,$55.77 ,"$1,310.32 ",$0.00 ,$0.00 ,$0.00 ,$5.69 ,$45.00 ,"$1,361.01 ",$68.61 ,$64.14 
8/2/2025,104,"$1,393.93 ","$1,483.54 ",$0.00 ,$58.01 ,"$1,425.53 ",$0.00 ,$0.00 ,$0.00 ,$5.91 ,$57.01 ,"$1,488.45 ",$74.38 ,$69.75 
8/1/2025,105,"$1,382.50 ","$1,489.80 ",$0.00 ,$75.55 ,"$1,414.25 ",$0.00 ,$0.00 ,$0.00 ,$4.21 ,$47.02 ,"$1,465.48 ",$74.01 ,$69.21 
7/31/2025,110,"$1,453.72 ","$1,584.25 ",$0.00 ,$96.13 ,"$1,488.12 ",$0.00 ,$0.00 ,$0.00 ,$2.37 ,$44.00 ,"$1,534.49 ",$77.46 ,$72.79 
7/30/2025,105,"$1,393.28 ","$1,522.66 ",$0.00 ,$97.43 ,"$1,425.23 ",$0.00 ,$0.00 ,$0.00 ,$6.57 ,$47.50 ,"$1,479.30 ",$74.43 ,$69.74 
7/29/2025,97,"$1,178.76 ","$1,277.50 ",$0.00 ,$68.99 ,"$1,208.51 ",$0.00 ,$0.00 ,$0.00 ,$6.27 ,$36.77 ,"$1,251.55 ",$65.44 ,$59.02 
7/28/2025,71,$872.34 ,$938.42 ,$0.00 ,$44.53 ,$893.89 ,$0.00 ,$0.00 ,$0.00 ,$4.54 ,$42.45 ,$940.88 ,$48.62 ,$43.70 
7/27/2025,121,"$1,535.28 ","$1,673.51 ",$0.00 ,$101.08 ,"$1,572.43 ",$0.00 ,$0.00 ,$0.00 ,$4.51 ,$49.00 ,"$1,625.94 ",$83.50 ,$76.80 
7/26/2025,103,"$1,440.75 ","$1,545.60 ",$0.25 ,$72.95 ,"$1,472.40 ",$0.00 ,$0.00 ,$0.00 ,$7.31 ,$48.50 ,"$1,528.21 ",$75.31 ,$72.14 
7/25/2025,107,"$1,505.81 ","$1,622.26 ",$0.00 ,$84.20 ,"$1,538.06 ",$0.00 ,$0.00 ,$0.00 ,$3.39 ,$60.01 ,"$1,601.46 ",$78.55 ,$75.34 
7/24/2025,109,"$1,337.09 ","$1,440.03 ",$0.00 ,$69.69 ,"$1,370.34 ",$0.00 ,$0.00 ,$0.00 ,$2.78 ,$50.50 ,"$1,423.62 ",$74.00 ,$66.98 
7/23/2025,99,"$1,106.92 ","$1,260.16 ",$26.27 ,$97.82 ,"$1,136.07 ",$0.00 ,$0.00 ,$0.00 ,$3.38 ,$42.60 ,"$1,182.05 ",$64.78 ,$55.40 
7/22/2025,105,"$1,260.16 ","$1,369.27 ",$0.00 ,$76.76 ,"$1,292.51 ",$0.00 ,$0.00 ,$0.00 ,$3.40 ,$46.05 ,"$1,341.96 ",$70.43 ,$63.08 
7/21/2025,111,"$1,524.34 ","$1,643.77 ",$0.00 ,$86.38 ,"$1,557.39 ",$0.00 ,$0.00 ,$0.00 ,$8.28 ,$42.50 ,"$1,608.17 ",$79.94 ,$76.27 
7/20/2025,147,"$1,892.20 ","$2,053.72 ",$19.75 ,$97.37 ,"$1,936.60 ",$0.00 ,$0.00 ,$0.00 ,$6.66 ,$64.00 ,"$2,007.26 ",$102.97 ,$94.69 
7/19/2025,116,"$1,847.25 ","$1,968.57 ",$0.00 ,$86.12 ,"$1,882.45 ",$0.00 ,$0.00 ,$0.00 ,$4.87 ,$61.00 ,"$1,948.32 ",$91.36 ,$92.42 
7/18/2025,103,"$1,487.50 ","$1,569.65 ",$0.00 ,$50.60 ,"$1,519.05 ",$0.00 ,$0.00 ,$0.00 ,$8.24 ,$42.65 ,"$1,569.94 ",$76.44 ,$74.42 
7/17/2025,100,"$1,205.64 ","$1,298.93 ",$0.00 ,$63.49 ,"$1,235.44 ",$0.00 ,$0.00 ,$0.00 ,$4.02 ,$56.78 ,"$1,296.24 ",$67.61 ,$60.38 
7/16/2025,103,"$1,310.87 ","$1,438.62 ",$0.00 ,$97.40 ,"$1,341.22 ",$0.00 ,$0.00 ,$0.00 ,$6.66 ,$42.50 ,"$1,390.38 ",$71.21 ,$65.65 
7/15/2025,105,"$1,379.96 ","$1,501.08 ",$0.00 ,$89.77 ,"$1,411.31 ",$0.00 ,$0.00 ,$0.00 ,$7.07 ,$34.04 ,"$1,452.42 ",$73.61 ,$69.08 
7/14/2025,85,$997.53 ,"$1,084.96 ",$0.00 ,$61.58 ,"$1,023.38 ",$0.00 ,$0.00 ,$0.00 ,$2.93 ,$40.50 ,"$1,066.81 ",$56.49 ,$49.96 
7/13/2025,102,"$1,304.20 ","$1,395.50 ",$9.87 ,$50.48 ,"$1,335.15 ",$0.00 ,$0.00 ,$0.00 ,$4.08 ,$51.51 ,"$1,390.74 ",$71.28 ,$65.32 
7/12/2025,68,$946.22 ,"$1,011.76 ",$0.00 ,$45.34 ,$966.42 ,$0.00 ,$0.00 ,$0.00 ,$0.98 ,$30.12 ,$997.52 ,$49.36 ,$47.40 
7/11/2025,82,"$1,138.04 ","$1,230.75 ",$0.00 ,$67.86 ,"$1,162.89 ",$0.00 ,$0.00 ,$0.00 ,$0.31 ,$32.00 ,"$1,195.20 ",$58.63 ,$56.99 
7/10/2025,69,$889.44 ,$968.25 ,$0.00 ,$57.96 ,$910.29 ,$0.00 ,$0.00 ,$0.00 ,$0.95 ,$18.00 ,$929.24 ,$47.67 ,$44.53 
7/9/2025,82,$999.38 ,"$1,092.61 ",$0.00 ,$68.73 ,"$1,023.88 ",$0.00 ,$0.00 ,$0.00 ,$4.42 ,$35.87 ,"$1,064.17 ",$55.50 ,$50.04 
7/8/2025,61,$849.37 ,$904.51 ,$0.00 ,$36.39 ,$868.12 ,$0.00 ,$0.00 ,$0.00 ,$4.95 ,$41.00 ,$914.07 ,$44.83 ,$42.52 
7/7/2025,56,$868.02 ,$929.87 ,$0.00 ,$44.25 ,$885.62 ,$0.00 ,$0.00 ,$0.00 ,$0.36 ,$29.25 ,$915.23 ,$43.36 ,$43.43 
7/6/2025,67,"$1,016.93 ","$1,079.57 ",$0.00 ,$41.89 ,"$1,037.68 ",$0.00 ,$0.00 ,$0.00 ,$2.79 ,$36.00 ,"$1,076.47 ",$51.31 ,$50.89 
7/5/2025,72,"$1,032.64 ","$1,098.46 ",$0.00 ,$44.32 ,"$1,054.14 ",$0.00 ,$0.00 ,$0.00 ,$8.12 ,$40.00 ,"$1,102.26 ",$53.58 ,$51.70 
7/4/2025,75,"$1,067.91 ","$1,156.02 ",$0.00 ,$65.56 ,"$1,090.46 ",$0.00 ,$0.00 ,$0.00 ,$3.51 ,$39.00 ,"$1,132.97 ",$55.40 ,$53.47 
7/3/2025,92,"$1,480.30 ","$1,587.74 ",$0.00 ,$79.94 ,"$1,507.80 ",$0.00 ,$0.00 ,$0.00 ,$4.96 ,$42.25 ,"$1,555.01 ",$72.72 ,$74.08 
7/2/2025,70,$941.36 ,"$1,009.03 ",$0.00 ,$45.87 ,$963.16 ,$0.00 ,$0.00 ,$0.00 ,$1.27 ,$29.50 ,$993.93 ,$49.81 ,$47.10 
7/1/2025,86,"$1,117.21 ","$1,223.59 ",$0.00 ,$80.08 ,"$1,143.51 ",$0.00 ,$0.00 ,$0.00 ,$9.89 ,$43.99 ,"$1,197.39 ",$60.48 ,$55.90 
6/30/2025,57,$750.76 ,$802.53 ,$0.00 ,$34.52 ,$768.01 ,$0.00 ,$0.00 ,$0.00 ,$0.79 ,$29.50 ,$798.30 ,$40.25 ,$37.59 
6/29/2025,91,"$1,203.42 ","$1,284.32 ",$0.00 ,$53.45 ,"$1,230.87 ",$0.00 ,$0.00 ,$0.00 ,$3.57 ,$32.89 ,"$1,267.33 ",$64.09 ,$60.23 
6/28/2025,81,"$1,268.44 ","$1,327.46 ",$0.00 ,$33.87 ,"$1,293.59 ",$0.00 ,$0.00 ,$0.00 ,$5.49 ,$41.50 ,"$1,340.58 ",$63.19 ,$63.47 
6/27/2025,90,"$1,172.30 ","$1,265.96 ",$0.00 ,$65.96 ,"$1,200.00 ",$0.00 ,$0.00 ,$0.00 ,$4.42 ,$44.67 ,"$1,249.09 ",$63.24 ,$58.65 
6/26/2025,107,"$1,361.43 ","$1,466.28 ",$0.00 ,$72.30 ,"$1,393.98 ",$0.00 ,$0.00 ,$0.00 ,$3.67 ,$56.76 ,"$1,454.41 ",$74.41 ,$68.18 
6/25/2025,96,"$1,272.22 ","$1,364.61 ",$0.00 ,$62.79 ,"$1,301.82 ",$0.00 ,$0.00 ,$0.00 ,$3.63 ,$66.01 ,"$1,371.46 ",$68.55 ,$63.69 
6/24/2025,85,"$1,096.33 ","$1,182.23 ",$0.00 ,$59.45 ,"$1,122.78 ",$0.00 ,$0.00 ,$0.00 ,$5.38 ,$35.25 ,"$1,163.41 ",$59.29 ,$54.90 
6/23/2025,67,$846.16 ,$946.84 ,$23.72 ,$57.36 ,$865.76 ,$0.00 ,$0.00 ,$0.00 ,$2.82 ,$27.01 ,$895.59 ,$46.95 ,$42.79 
6/22/2025,114,"$1,374.19 ","$1,494.15 ",$0.00 ,$84.66 ,"$1,409.49 ",$0.00 ,$0.00 ,$0.00 ,$10.34 ,$46.00 ,"$1,465.83 ",$76.74 ,$68.83 
6/21/2025,76,$921.26 ,$988.72 ,$0.00 ,$44.66 ,$944.06 ,$0.00 ,$0.00 ,$0.00 ,$2.62 ,$26.55 ,$973.23 ,$51.08 ,$46.14 
6/20/2025,65,$988.86 ,"$1,068.44 ",$0.00 ,$59.93 ,"$1,008.51 ",$0.00 ,$0.00 ,$0.00 ,$7.09 ,$45.50 ,"$1,061.10 ",$50.30 ,$49.51 
6/19/2025,90,"$1,250.73 ","$1,338.11 ",$0.00 ,$59.88 ,"$1,278.23 ",$0.00 ,$0.00 ,$0.00 ,$7.94 ,$55.03 ,"$1,341.20 ",$66.13 ,$63.42 
6/18/2025,82,"$1,020.17 ","$1,107.40 ",$0.00 ,$61.53 ,"$1,045.87 ",$0.00 ,$0.00 ,$0.00 ,$7.27 ,$32.50 ,"$1,085.64 ",$56.08 ,$51.02 
6/17/2025,73,$917.22 ,"$1,014.39 ",$0.00 ,$74.22 ,$940.17 ,$0.00 ,$0.00 ,$0.00 ,$2.94 ,$33.00 ,$976.11 ,$50.36 ,$46.34 
6/16/2025,57,$914.21 ,$957.40 ,$0.00 ,$25.84 ,$931.56 ,$0.00 ,$0.00 ,$0.00 ,$5.78 ,$28.50 ,$965.84 ,$45.13 ,$45.74 
6/15/2025,62,$944.01 ,"$1,012.21 ",$0.00 ,$48.80 ,$963.41 ,$0.00 ,$0.00 ,$0.00 ,$4.37 ,$36.25 ,"$1,004.03 ",$47.75 ,$47.26 
6/14/2025,79,"$1,162.11 ","$1,223.15 ",$0.00 ,$36.19 ,"$1,186.96 ",$0.00 ,$0.00 ,$0.00 ,$5.52 ,$31.00 ,"$1,223.48 ",$59.17 ,$58.11 
6/13/2025,79,$945.80 ,"$1,019.93 ",$0.00 ,$49.68 ,$970.25 ,$0.00 ,$0.00 ,$0.00 ,$4.13 ,$31.50 ,"$1,005.88 ",$52.90 ,$47.37 
6/12/2025,66,$828.37 ,$901.23 ,$0.00 ,$52.86 ,$848.37 ,$0.00 ,$0.00 ,$0.00 ,$5.44 ,$33.17 ,$886.98 ,$45.54 ,$41.46 
6/11/2025,67,$710.20 ,$775.62 ,$0.00 ,$45.07 ,$730.55 ,$0.00 ,$0.00 ,$0.00 ,$1.03 ,$35.81 ,$767.39 ,$42.38 ,$35.58 
6/10/2025,66,$751.60 ,$823.77 ,$0.00 ,$52.77 ,$771.00 ,$0.00 ,$0.00 ,$0.00 ,$2.26 ,$32.19 ,$805.45 ,$43.16 ,$37.66 
6/9/2025,51,$692.38 ,$755.08 ,$0.00 ,$47.05 ,$708.03 ,$0.00 ,$0.00 ,$0.00 ,$3.16 ,$30.50 ,$741.69 ,$36.84 ,$34.67 
6/8/2025,93,"$1,228.24 ","$1,312.77 ",$17.93 ,$38.90 ,"$1,255.94 ",$0.00 ,$0.00 ,$0.00 ,$2.39 ,$59.20 ,"$1,317.53 ",$66.67 ,$61.47 
6/7/2025,82,"$1,115.29 ","$1,204.15 ",$6.43 ,$56.73 ,"$1,140.99 ",$0.00 ,$0.00 ,$0.00 ,$3.66 ,$45.00 ,"$1,189.65 ",$59.29 ,$55.85 
6/6/2025,65,$850.67 ,$935.64 ,$0.00 ,$64.72 ,$870.92 ,$0.00 ,$0.00 ,$0.00 ,$1.86 ,$36.00 ,$908.78 ,$45.87 ,$42.60 
6/5/2025,66,$911.56 ,$964.16 ,$0.00 ,$32.50 ,$931.66 ,$0.00 ,$0.00 ,$0.00 ,$8.30 ,$41.01 ,$980.97 ,$48.20 ,$45.62 
6/4/2025,58,$712.14 ,$782.66 ,$0.00 ,$52.82 ,$729.84 ,$0.00 ,$0.00 ,$0.00 ,$0.55 ,$27.00 ,$757.39 ,$39.36 ,$35.66 
6/3/2025,53,$705.83 ,$765.45 ,$0.00 ,$43.07 ,$722.38 ,$0.00 ,$0.00 ,$0.00 ,$6.23 ,$29.48 ,$758.09 ,$37.85 ,$35.32 
6/2/2025,41,$624.41 ,$664.03 ,$0.00 ,$27.07 ,$636.96 ,$0.00 ,$0.00 ,$0.00 ,$5.28 ,$22.00 ,$664.24 ,$31.57 ,$31.27 
6/1/2025,75,"$1,139.37 ","$1,194.44 ",$0.00 ,$32.22 ,"$1,162.22 ",$0.00 ,$0.00 ,$0.00 ,$6.01 ,$39.50 ,"$1,207.73 ",$57.49 ,$57.03 
5/31/2025,55,$842.04 ,$887.17 ,$0.00 ,$28.08 ,$859.09 ,$0.00 ,$0.00 ,$0.00 ,$8.61 ,$34.00 ,$901.70 ,$42.67 ,$42.17 
5/30/2025,50,$660.01 ,$705.77 ,$0.00 ,$30.56 ,$675.21 ,$0.00 ,$0.00 ,$0.00 ,$0.00 ,$23.00 ,$698.21 ,$35.29 ,$33.04 
5/29/2025,55,$693.83 ,$764.69 ,$3.50 ,$51.41 ,$709.78 ,$0.00 ,$0.00 ,$0.00 ,$5.57 ,$22.00 ,$737.35 ,$38.00 ,$34.72 
5/28/2025,51,$668.52 ,$708.61 ,$0.00 ,$25.24 ,$683.37 ,$0.00 ,$0.00 ,$0.00 ,$8.31 ,$33.00 ,$724.68 ,$36.29 ,$33.46 
5/27/2025,74,"$1,011.75 ","$1,114.44 ",$7.67 ,$72.97 ,"$1,033.80 ",$0.00 ,$0.00 ,$0.00 ,$6.31 ,$23.32 ,"$1,063.43 ",$53.26 ,$50.63 
5/26/2025,61,$861.95 ,$942.41 ,$0.00 ,$61.91 ,$880.50 ,$0.00 ,$0.00 ,$0.00 ,$1.84 ,$27.50 ,$909.84 ,$44.68 ,$43.15 
5/25/2025,108,"$1,548.65 ","$1,658.30 ",$0.00 ,$77.15 ,"$1,581.15 ",$0.00 ,$0.00 ,$0.00 ,$9.57 ,$47.20 ,"$1,637.92 ",$79.88 ,$77.48 
5/24/2025,89,"$1,110.98 ","$1,204.23 ",$9.58 ,$56.17 ,"$1,138.48 ",$0.00 ,$0.00 ,$0.00 ,$6.17 ,$31.52 ,"$1,176.17 ",$61.37 ,$57.58 
5/23/2025,113,"$1,502.47 ","$1,639.89 ",$0.00 ,$102.57 ,"$1,537.32 ",$0.00 ,$0.00 ,$0.00 ,$2.35 ,$53.00 ,"$1,592.67 ",$80.08 ,$75.18 
5/22/2025,98,"$1,251.67 ","$1,399.86 ",$0.00 ,$119.49 ,"$1,280.37 ",$0.00 ,$0.00 ,$0.00 ,$1.21 ,$37.01 ,"$1,318.59 ",$67.68 ,$62.66 
5/21/2025,131,"$1,614.83 ","$1,795.05 ",$0.00 ,$141.07 ,"$1,653.98 ",$0.00 ,$0.00 ,$0.00 ,$3.91 ,$42.50 ,"$1,700.39 ",$88.64 ,$80.83 
5/20/2025,143,"$2,128.92 ","$2,391.43 ",$11.83 ,$208.33 ,"$2,171.27 ",$0.00 ,$0.00 ,$0.00 ,$14.80 ,$35.00 ,"$2,221.07 ",$107.20 ,$107.34 
5/19/2025,126,"$1,552.08 ","$1,738.84 ",$0.00 ,$149.11 ,"$1,589.73 ",$0.00 ,$0.00 ,$0.00 ,$4.28 ,$36.50 ,"$1,630.51 ",$84.50 ,$77.76 
5/18/2025,175,"$2,149.83 ","$2,385.34 ",$0.00 ,$182.16 ,"$2,203.18 ",$0.00 ,$0.00 ,$0.00 ,$8.31 ,$58.50 ,"$2,269.99 ",$118.43 ,$107.64 
5/17/2025,173,"$2,440.46 ","$2,606.08 ",$0.00 ,$113.87 ,"$2,492.21 ",$0.00 ,$0.00 ,$0.00 ,$6.99 ,$55.27 ,"$2,554.47 ",$126.03 ,$122.20 
5/16/2025,264,"$3,398.40 ","$3,647.65 ",$6.26 ,$166.54 ,"$3,474.85 ",$0.00 ,$0.00 ,$0.00 ,$10.14 ,$46.73 ,"$3,531.72 ",$181.81 ,$170.17 
5/15/2025,259,"$3,126.99 ","$3,441.21 ",$0.00 ,$237.72 ,"$3,203.49 ",$0.00 ,$0.00 ,$0.00 ,$3.36 ,$42.14 ,"$3,248.99 ",$171.36 ,$156.53 
5/14/2025,229,"$2,717.37 ","$2,988.54 ",$0.00 ,$204.02 ,"$2,784.52 ",$0.00 ,$0.00 ,$0.00 ,$12.09 ,$40.00 ,"$2,836.61 ",$150.94 ,$135.98 
5/13/2025,261,"$2,891.51 ","$3,236.57 ",$0.00 ,$268.81 ,"$2,967.76 ",$0.00 ,$0.00 ,$0.00 ,$7.39 ,$49.25 ,"$3,024.40 ",$165.63 ,$144.74 
5/12/2025,129,"$1,460.59 ","$1,650.81 ",$0.00 ,$150.97 ,"$1,499.84 ",$0.00 ,$0.00 ,$0.00 ,$4.17 ,$31.81 ,"$1,535.82 ",$83.30 ,$73.08 
5/11/2025,157,"$2,163.44 ","$2,365.13 ",$0.00 ,$154.94 ,"$2,210.19 ",$0.00 ,$0.00 ,$0.00 ,$12.78 ,$53.50 ,"$2,276.47 ",$113.17 ,$108.27 
5/10/2025,179,"$2,158.11 ","$2,388.78 ",$0.00 ,$177.62 ,"$2,211.16 ",$0.00 ,$0.00 ,$0.00 ,$10.86 ,$46.50 ,"$2,268.52 ",$119.53 ,$108.01 
5/9/2025,147,"$1,732.81 ","$1,929.70 ",$0.00 ,$152.94 ,"$1,776.76 ",$0.00 ,$0.00 ,$0.00 ,$4.19 ,$38.79 ,"$1,819.74 ",$96.87 ,$86.69 
5/8/2025,145,"$1,662.39 ","$1,899.42 ",$8.08 ,$186.20 ,"$1,705.14 ",$0.00 ,$0.00 ,$0.00 ,$12.92 ,$24.50 ,"$1,742.56 ",$94.08 ,$83.29 
5/7/2025,153,"$1,780.66 ","$1,979.85 ",$0.00 ,$153.94 ,"$1,825.91 ",$0.00 ,$0.00 ,$0.00 ,$9.02 ,$40.50 ,"$1,875.43 ",$100.35 ,$89.15 
5/6/2025,143,"$1,584.92 ","$1,816.70 ",$11.34 ,$178.64 ,"$1,626.72 ",$0.00 ,$0.00 ,$0.00 ,$3.11 ,$32.00 ,"$1,661.83 ",$91.54 ,$79.33 
5/5/2025,121,"$1,489.88 ","$1,662.00 ",$0.00 ,$135.37 ,"$1,526.63 ",$0.00 ,$0.00 ,$0.00 ,$6.40 ,$25.75 ,"$1,558.78 ",$81.56 ,$74.64 
5/4/2025,197,"$2,439.56 ","$2,661.99 ",$0.00 ,$163.58 ,"$2,498.41 ",$0.00 ,$0.00 ,$0.00 ,$16.69 ,$58.01 ,"$2,573.11 ",$133.82 ,$122.12 
5/3/2025,232,"$2,897.55 ","$3,184.72 ",$3.50 ,$214.57 ,"$2,966.65 ",$0.00 ,$0.00 ,$0.00 ,$17.30 ,$83.00 ,"$3,066.95 ",$158.79 ,$145.04 
5/2/2025,210,"$2,497.59 ","$2,804.58 ",$0.00 ,$243.99 ,"$2,560.59 ",$0.00 ,$0.00 ,$0.00 ,$11.37 ,$55.70 ,"$2,627.66 ",$139.36 ,$124.97 
5/1/2025,154,"$1,690.85 ","$1,928.74 ",$0.00 ,$191.79 ,"$1,736.95 ",$0.00 ,$0.00 ,$0.00 ,$4.19 ,$26.00 ,"$1,767.14 ",$97.43 ,$84.69 
4/30/2025,175,"$1,837.10 ","$2,108.15 ",$0.00 ,$219.30 ,"$1,888.85 ",$0.00 ,$0.00 ,$0.00 ,$4.96 ,$23.42 ,"$1,917.23 ",$108.20 ,$92.10 
4/29/2025,155,"$1,917.59 ","$2,149.23 ",$7.76 ,$178.48 ,"$1,962.99 ",$0.00 ,$0.00 ,$0.00 ,$7.59 ,$30.41 ,"$2,000.99 ",$104.83 ,$96.06 
4/28/2025,139,"$1,557.48 ","$1,762.92 ",$7.83 ,$157.21 ,"$1,597.88 ",$0.00 ,$0.00 ,$0.00 ,$4.86 ,$30.00 ,"$1,632.74 ",$89.28 ,$77.99 
4/27/2025,156,"$2,064.46 ","$2,254.98 ",$0.00 ,$144.02 ,"$2,110.96 ",$0.00 ,$0.00 ,$0.00 ,$7.95 ,$56.81 ,"$2,175.72 ",$109.81 ,$103.34 
4/26/2025,172,"$2,227.30 ","$2,439.19 ",$10.34 ,$150.95 ,"$2,277.90 ",$0.00 ,$0.00 ,$0.00 ,$12.17 ,$49.51 ,"$2,339.58 ",$119.17 ,$111.51 
4/25/2025,187,"$2,357.86 ","$2,619.20 ",$0.00 ,$205.99 ,"$2,413.21 ",$0.00 ,$0.00 ,$0.00 ,$7.51 ,$62.06 ,"$2,482.78 ",$128.17 ,$118.07 
4/24/2025,168,"$1,749.33 ","$2,042.40 ",$10.11 ,$234.01 ,"$1,798.28 ",$0.00 ,$0.00 ,$0.00 ,$6.89 ,$23.07 ,"$1,828.24 ",$103.79 ,$87.66 
4/23/2025,160,"$1,864.95 ","$2,133.36 ",$0.00 ,$220.21 ,"$1,913.15 ",$0.00 ,$0.00 ,$0.00 ,$11.47 ,$35.25 ,"$1,959.87 ",$104.88 ,$93.44 
4/22/2025,136,"$1,750.63 ","$1,946.93 ",$8.51 ,$146.94 ,"$1,791.48 ",$0.00 ,$0.00 ,$0.00 ,$8.78 ,$38.10 ,"$1,838.36 ",$94.46 ,$87.64 
4/21/2025,120,"$1,337.85 ","$1,500.66 ",$0.00 ,$127.31 ,"$1,373.35 ",$0.00 ,$0.00 ,$0.00 ,$2.98 ,$26.25 ,"$1,402.58 ",$76.73 ,$66.96 
4/20/2025,323,"$4,135.70 ","$4,519.60 ",$42.72 ,$242.98 ,"$4,233.90 ",$0.00 ,$0.00 ,$0.00 ,$11.69 ,$69.00 ,"$4,314.59 ",$223.57 ,$206.89 
4/19/2025,297,"$3,661.37 ","$4,039.92 ",$11.83 ,$277.17 ,"$3,750.92 ",$0.00 ,$0.00 ,$0.00 ,$21.28 ,$85.32 ,"$3,857.52 ",$200.87 ,$183.31 
4/18/2025,198,"$2,469.29 ","$2,726.82 ",$0.00 ,$198.13 ,"$2,528.69 ",$0.00 ,$0.00 ,$0.00 ,$11.00 ,$68.82 ,"$2,608.51 ",$135.26 ,$124.90 
4/17/2025,214,"$2,540.46 ","$2,878.67 ",$0.00 ,$274.11 ,"$2,604.56 ",$0.00 ,$0.00 ,$0.00 ,$9.85 ,$39.21 ,"$2,653.62 ",$141.20 ,$127.17 
4/16/2025,142,"$1,663.72 ","$1,857.30 ",$0.00 ,$150.68 ,"$1,706.62 ",$0.00 ,$0.00 ,$0.00 ,$3.80 ,$31.34 ,"$1,741.76 ",$93.21 ,$83.33 
4/15/2025,152,"$1,727.66 ","$1,910.09 ",$0.00 ,$137.13 ,"$1,772.96 ",$0.00 ,$0.00 ,$0.00 ,$0.73 ,$36.00 ,"$1,809.69 ",$98.13 ,$86.56 
4/14/2025,131,"$1,376.43 ","$1,580.52 ",$0.00 ,$165.74 ,"$1,414.78 ",$0.00 ,$0.00 ,$0.00 ,$4.90 ,$30.66 ,"$1,450.34 ",$81.34 ,$68.98 
4/13/2025,168,"$2,062.49 ","$2,425.31 ",$10.76 ,$299.91 ,"$2,114.64 ",$0.00 ,$0.00 ,$0.00 ,$9.57 ,$42.50 ,"$2,166.71 ",$113.50 ,$103.19 
4/12/2025,167,"$2,129.64 ","$2,468.72 ",$14.00 ,$274.63 ,"$2,180.09 ",$0.00 ,$0.00 ,$0.00 ,$12.43 ,$52.05 ,"$2,244.57 ",$115.61 ,$106.60 
4/11/2025,201,"$2,252.88 ","$2,653.75 ",$0.00 ,$340.02 ,"$2,313.73 ",$0.00 ,$0.00 ,$0.00 ,$7.60 ,$45.16 ,"$2,366.49 ",$128.80 ,$112.75 
4/10/2025,142,"$1,537.37 ","$1,837.95 ",$11.77 ,$247.16 ,"$1,579.02 ",$0.00 ,$0.00 ,$0.00 ,$6.83 ,$29.50 ,"$1,615.35 ",$89.80 ,$76.94 
4/9/2025,167,"$1,773.48 ","$2,126.95 ",$10.27 ,$293.65 ,"$1,823.03 ",$0.00 ,$0.00 ,$0.00 ,$12.25 ,$43.04 ,"$1,878.32 ",$104.80 ,$88.77 
4/8/2025,141,"$1,521.24 ","$1,789.85 ",$8.59 ,$218.22 ,"$1,563.04 ",$0.00 ,$0.00 ,$0.00 ,$4.34 ,$40.05 ,"$1,607.43 ",$89.20 ,$76.10 
4/7/2025,98,"$1,024.80 ","$1,210.84 ",$0.00 ,$157.04 ,"$1,053.80 ",$0.00 ,$0.00 ,$0.00 ,$1.21 ,$20.01 ,"$1,075.02 ",$60.58 ,$51.28 
4/6/2025,179,"$1,925.83 ","$2,258.44 ",$0.00 ,$279.06 ,"$1,979.38 ",$0.00 ,$0.00 ,$0.00 ,$5.76 ,$48.00 ,"$2,033.14 ",$112.75 ,$96.84 
4/5/2025,211,"$2,369.10 ","$2,739.13 ",$0.00 ,$306.88 ,"$2,432.25 ",$0.00 ,$0.00 ,$0.00 ,$8.35 ,$56.50 ,"$2,497.10 ",$135.66 ,$118.65 
4/4/2025,208,"$2,469.63 ","$2,835.18 ",$0.00 ,$302.75 ,"$2,532.43 ",$0.00 ,$0.00 ,$0.00 ,$11.04 ,$69.00 ,"$2,612.47 ",$138.08 ,$123.63 
4/3/2025,172,"$1,785.17 ","$2,092.64 ",$0.00 ,$257.47 ,"$1,835.17 ",$0.00 ,$0.00 ,$0.00 ,$7.40 ,$35.25 ,"$1,877.82 ",$106.01 ,$89.42 
4/2/2025,169,"$1,774.31 ","$2,099.54 ",$3.49 ,$272.19 ,"$1,823.86 ",$0.00 ,$0.00 ,$0.00 ,$4.55 ,$37.95 ,"$1,866.36 ",$104.69 ,$88.80 
4/1/2025,113,"$1,275.93 ","$1,504.05 ",$0.00 ,$194.07 ,"$1,309.98 ",$0.00 ,$0.00 ,$0.00 ,$4.79 ,$29.00 ,"$1,343.77 ",$72.86 ,$63.87 
3/31/2025,97,"$1,075.09 ","$1,240.66 ",$0.00 ,$136.92 ,"$1,103.74 ",$0.00 ,$0.00 ,$0.00 ,$2.47 ,$34.98 ,"$1,141.19 ",$62.16 ,$53.81 
3/30/2025,132,"$1,567.47 ","$1,775.53 ",$0.00 ,$169.66 ,"$1,605.87 ",$0.00 ,$0.00 ,$0.00 ,$4.96 ,$49.50 ,"$1,660.33 ",$87.79 ,$78.46 
3/29/2025,114,"$1,386.42 ","$1,530.22 ",$0.00 ,$108.80 ,"$1,421.42 ",$0.00 ,$0.00 ,$0.00 ,$6.41 ,$61.00 ,"$1,488.83 ",$77.35 ,$69.36 
3/28/2025,61,$815.94 ,$917.82 ,$0.00 ,$83.13 ,$834.69 ,$0.00 ,$0.00 ,$0.00 ,$4.83 ,$33.06 ,$872.58 ,$43.57 ,$40.82 
3/27/2025,52,$680.59 ,$764.14 ,$0.00 ,$67.65 ,$696.49 ,$0.00 ,$0.00 ,$0.00 ,$3.11 ,$23.50 ,$723.10 ,$36.57 ,$34.08 
3/26/2025,48,$726.43 ,$803.49 ,$0.00 ,$62.86 ,$740.63 ,$0.00 ,$0.00 ,$0.00 ,$1.17 ,$19.50 ,$761.30 ,$36.49 ,$36.35 
3/25/2025,61,$769.88 ,$879.70 ,$0.00 ,$91.07 ,$788.63 ,$0.00 ,$0.00 ,$0.00 ,$1.24 ,$14.05 ,$803.92 ,$41.61 ,$38.50 
3/24/2025,50,$620.27 ,$695.12 ,$0.00 ,$59.25 ,$635.87 ,$0.00 ,$0.00 ,$0.00 ,$1.60 ,$16.70 ,$654.17 ,$33.93 ,$31.04 
3/23/2025,114,"$1,623.73 ","$1,765.89 ",$0.00 ,$107.66 ,"$1,658.23 ",$0.00 ,$0.00 ,$0.00 ,$9.49 ,$74.72 ,"$1,742.44 ",$84.45 ,$81.26 
3/22/2025,117,"$1,783.76 ","$1,950.71 ",$0.00 ,$130.10 ,"$1,820.61 ",$0.00 ,$0.00 ,$0.00 ,$7.56 ,$61.48 ,"$1,889.65 ",$89.95 ,$89.20 
3/21/2025,170,"$1,974.37 ","$2,278.57 ",$0.00 ,$254.50 ,"$2,024.07 ",$0.00 ,$0.00 ,$0.00 ,$5.86 ,$45.50 ,"$2,075.43 ",$111.20 ,$98.82 
3/20/2025,187,"$2,079.43 ","$2,443.22 ",$0.00 ,$307.64 ,"$2,135.58 ",$0.00 ,$0.00 ,$0.00 ,$11.37 ,$45.21 ,"$2,192.16 ",$119.62 ,$104.12 
3/19/2025,191,"$1,955.54 ","$2,345.15 ",$0.00 ,$333.31 ,"$2,011.84 ",$0.00 ,$0.00 ,$0.00 ,$4.12 ,$42.50 ,"$2,058.46 ",$116.31 ,$97.84 
3/18/2025,161,"$1,712.20 ","$2,001.41 ",$3.50 ,$237.26 ,"$1,760.65 ",$0.00 ,$0.00 ,$0.00 ,$5.39 ,$41.08 ,"$1,807.12 ",$100.85 ,$85.70 
3/17/2025,171,"$1,880.48 ","$2,226.45 ",$0.00 ,$293.82 ,"$1,932.63 ",$0.00 ,$0.00 ,$0.00 ,$12.93 ,$35.00 ,"$1,980.56 ",$108.67 ,$94.11 
3/16/2025,144,"$1,742.92 ","$2,033.65 ",$31.45 ,$215.63 ,"$1,786.57 ",$0.00 ,$0.00 ,$0.00 ,$9.44 ,$50.50 ,"$1,846.51 ",$97.64 ,$87.23 
3/15/2025,204,"$2,561.28 ","$2,888.97 ",$0.00 ,$266.39 ,"$2,622.58 ",$0.00 ,$0.00 ,$0.00 ,$16.39 ,$96.25 ,"$2,735.22 ",$140.56 ,$128.19 
3/14/2025,203,"$2,307.45 ","$2,697.05 ",$0.00 ,$327.95 ,"$2,369.10 ",$0.00 ,$0.00 ,$0.00 ,$5.36 ,$58.85 ,"$2,433.31 ",$131.42 ,$115.50 
3/13/2025,211,"$2,310.08 ","$2,733.08 ",$0.00 ,$360.65 ,"$2,372.43 ",$0.00 ,$0.00 ,$0.00 ,$12.16 ,$53.69 ,"$2,438.28 ",$133.95 ,$115.60 
3/12/2025,163,"$1,696.16 ","$2,031.57 ",$3.73 ,$284.43 ,"$1,743.41 ",$0.00 ,$0.00 ,$0.00 ,$4.21 ,$32.31 ,"$1,779.93 ",$100.64 ,$84.89 
3/11/2025,167,"$1,755.35 ","$2,085.97 ",$0.00 ,$281.57 ,"$1,804.40 ",$0.00 ,$0.00 ,$0.00 ,$4.90 ,$25.00 ,"$1,834.30 ",$103.25 ,$87.82 
3/10/2025,104,"$1,108.43 ","$1,310.50 ",$0.00 ,$171.02 ,"$1,139.48 ",$0.00 ,$0.00 ,$0.00 ,$1.10 ,$23.00 ,"$1,163.58 ",$63.83 ,$55.48 
3/9/2025,176,"$2,286.90 ","$2,606.44 ",$0.00 ,$264.84 ,"$2,341.60 ",$0.00 ,$0.00 ,$0.00 ,$9.56 ,$75.00 ,"$2,426.16 ",$123.18 ,$114.45 
3/8/2025,182,"$2,276.28 ","$2,601.28 ",$0.00 ,$270.00 ,"$2,331.28 ",$0.00 ,$0.00 ,$0.00 ,$6.12 ,$63.99 ,"$2,401.39 ",$124.25 ,$113.87 
3/7/2025,184,"$2,029.57 ","$2,410.07 ",$11.46 ,$313.94 ,"$2,084.67 ",$0.00 ,$0.00 ,$0.00 ,$13.28 ,$54.78 ,"$2,152.73 ",$117.97 ,$101.62 
3/6/2025,172,"$1,936.63 ","$2,271.58 ",$8.45 ,$275.70 ,"$1,987.43 ",$0.00 ,$0.00 ,$0.00 ,$4.91 ,$49.00 ,"$2,041.34 ",$111.00 ,$96.91 
3/5/2025,154,"$1,602.42 ","$1,901.69 ",$0.00 ,$254.17 ,"$1,647.52 ",$0.00 ,$0.00 ,$0.00 ,$6.28 ,$23.10 ,"$1,676.90 ",$94.82 ,$80.20 
3/4/2025,171,"$1,748.58 ","$2,059.92 ",$8.59 ,$252.25 ,"$1,799.08 ",$0.00 ,$0.00 ,$0.00 ,$7.04 ,$47.40 ,"$1,853.52 ",$105.30 ,$87.50 
3/3/2025,125,"$1,440.57 ","$1,694.69 ",$0.00 ,$216.37 ,"$1,478.32 ",$0.00 ,$0.00 ,$0.00 ,$5.45 ,$29.00 ,"$1,512.77 ",$81.35 ,$72.10 
3/2/2025,193,"$2,379.57 ","$2,761.10 ",$0.00 ,$322.28 ,"$2,438.82 ",$0.00 ,$0.00 ,$0.00 ,$10.59 ,$47.10 ,"$2,496.51 ",$130.23 ,$119.07 
3/1/2025,219,"$2,656.55 ","$3,008.15 ",$0.00 ,$286.15 ,"$2,722.00 ",$0.00 ,$0.00 ,$0.00 ,$7.07 ,$85.50 ,"$2,814.57 ",$147.36 ,$132.98 
2/28/2025,166,"$1,794.30 ","$2,084.39 ",$3.95 ,$235.74 ,"$1,844.70 ",$0.00 ,$0.00 ,$0.00 ,$5.14 ,$48.50 ,"$1,898.34 ",$104.94 ,$89.85 
2/27/2025,186,"$2,169.23 ","$2,584.78 ",$12.68 ,$348.12 ,"$2,223.98 ",$0.00 ,$0.00 ,$0.00 ,$10.41 ,$60.86 ,"$2,295.25 ",$122.84 ,$108.57 
2/26/2025,140,"$1,605.02 ","$1,887.09 ",$0.00 ,$240.87 ,"$1,646.22 ",$0.00 ,$0.00 ,$0.00 ,$7.54 ,$34.00 ,"$1,687.76 ",$90.97 ,$80.35 
2/25/2025,145,"$1,522.68 ","$1,837.96 ",$0.00 ,$271.73 ,"$1,566.23 ",$0.00 ,$0.00 ,$0.00 ,$4.69 ,$29.50 ,"$1,600.42 ",$89.86 ,$76.27 
2/24/2025,145,"$1,703.92 ","$2,044.40 ",$0.00 ,$297.23 ,"$1,747.17 ",$0.00 ,$0.00 ,$0.00 ,$3.57 ,$29.50 ,"$1,780.24 ",$95.28 ,$85.80 
2/23/2025,154,"$1,974.34 ","$2,234.54 ",$0.00 ,$213.40 ,"$2,021.14 ",$0.00 ,$0.00 ,$0.00 ,$12.58 ,$59.15 ,"$2,092.87 ",$106.75 ,$98.83 
2/22/2025,192,"$2,381.11 ","$2,715.68 ",$6.67 ,$269.55 ,"$2,439.46 ",$0.00 ,$0.00 ,$0.00 ,$12.55 ,$68.71 ,"$2,520.72 ",$130.87 ,$119.14 
2/21/2025,174,"$1,958.45 ","$2,290.59 ",$0.00 ,$279.64 ,"$2,010.95 ",$0.00 ,$0.00 ,$0.00 ,$9.66 ,$36.20 ,"$2,056.81 ",$111.76 ,$98.07 
2/20/2025,140,"$1,606.47 ","$1,901.32 ",$0.00 ,$253.15 ,"$1,648.17 ",$0.00 ,$0.00 ,$0.00 ,$4.21 ,$27.00 ,"$1,679.38 ",$90.67 ,$80.35 
2/19/2025,110,"$1,213.03 ","$1,429.86 ",$0.00 ,$184.83 ,"$1,245.03 ",$0.00 ,$0.00 ,$0.00 ,$8.05 ,$26.02 ,"$1,279.10 ",$70.04 ,$60.73 
2/18/2025,146,"$1,753.00 ","$2,067.27 ",$0.00 ,$271.57 ,"$1,795.70 ",$0.00 ,$0.00 ,$0.00 ,$6.88 ,$19.75 ,"$1,822.33 ",$96.48 ,$87.73 
2/17/2025,147,"$1,974.45 ","$2,247.50 ",$0.00 ,$229.70 ,"$2,017.80 ",$0.00 ,$0.00 ,$0.00 ,$8.50 ,$69.00 ,"$2,095.30 ",$104.83 ,$98.75 
2/16/2025,245,"$2,857.18 ","$3,280.52 ",$22.86 ,$325.58 ,"$2,932.08 ",$0.00 ,$0.00 ,$0.00 ,$6.91 ,$80.27 ,"$3,019.26 ",$161.71 ,$143.10 
2/15/2025,186,"$2,462.64 ","$2,792.74 ",$0.00 ,$273.50 ,"$2,519.24 ",$0.00 ,$0.00 ,$0.00 ,$10.09 ,$84.00 ,"$2,613.33 ",$131.63 ,$123.28 
2/14/2025,198,"$2,472.44 ","$2,877.17 ",$0.00 ,$344.33 ,"$2,532.84 ",$0.00 ,$0.00 ,$0.00 ,$8.12 ,$73.96 ,"$2,614.92 ",$135.23 ,$123.76 
2/13/2025,116,"$1,165.93 ","$1,378.59 ",$0.00 ,$177.16 ,"$1,201.43 ",$0.00 ,$0.00 ,$0.00 ,$7.18 ,$25.50 ,"$1,234.11 ",$70.78 ,$59.42 
2/12/2025,121,"$1,400.62 ","$1,674.18 ",$0.00 ,$236.41 ,"$1,437.77 ",$0.00 ,$0.00 ,$0.00 ,$5.17 ,$34.00 ,"$1,476.94 ",$79.15 ,$70.14 
2/11/2025,131,"$1,457.32 ","$1,720.78 ",$0.00 ,$225.31 ,"$1,495.47 ",$0.00 ,$0.00 ,$0.00 ,$1.23 ,$26.60 ,"$1,523.30 ",$83.42 ,$72.90 
2/10/2025,116,"$1,319.00 ","$1,557.32 ",$0.00 ,$203.82 ,"$1,353.50 ",$0.00 ,$0.00 ,$0.00 ,$1.53 ,$26.75 ,"$1,381.78 ",$74.89 ,$66.02 
2/9/2025,178,"$2,217.14 ","$2,572.69 ",$0.00 ,$300.95 ,"$2,271.74 ",$0.00 ,$0.00 ,$0.00 ,$6.61 ,$53.00 ,"$2,331.35 ",$121.04 ,$111.02 
2/8/2025,179,"$2,104.25 ","$2,386.44 ",$0.00 ,$228.54 ,"$2,157.90 ",$0.00 ,$0.00 ,$0.00 ,$8.47 ,$53.75 ,"$2,220.12 ",$118.02 ,$105.31 
2/7/2025,195,"$2,094.75 ","$2,463.83 ",$0.00 ,$311.13 ,"$2,152.70 ",$0.00 ,$0.00 ,$0.00 ,$7.60 ,$45.00 ,"$2,205.30 ",$122.46 ,$104.86 
2/6/2025,130,"$1,350.20 ","$1,624.64 ",$0.00 ,$235.34 ,"$1,389.30 ",$0.00 ,$0.00 ,$0.00 ,$1.03 ,$28.00 ,"$1,418.33 ",$80.30 ,$68.04 
2/5/2025,124,"$1,417.84 ","$1,644.77 ",$0.00 ,$191.13 ,"$1,453.64 ",$0.00 ,$0.00 ,$0.00 ,$0.18 ,$16.85 ,"$1,470.67 ",$79.84 ,$70.97 
2/4/2025,144,"$1,553.17 ","$1,847.61 ",$7.42 ,$244.17 ,"$1,596.02 ",$0.00 ,$0.00 ,$0.00 ,$0.98 ,$38.00 ,"$1,635.00 ",$90.84 ,$77.75 
2/3/2025,90,$998.11 ,"$1,198.28 ",$0.00 ,$173.07 ,"$1,025.21 ",$0.00 ,$0.00 ,$0.00 ,$1.16 ,$19.00 ,"$1,045.37 ",$57.33 ,$50.00 
2/2/2025,166,"$2,005.04 ","$2,299.55 ",$0.00 ,$243.11 ,"$2,056.44 ",$0.00 ,$0.00 ,$0.00 ,$13.63 ,$64.00 ,"$2,134.07 ",$111.88 ,$100.64 
2/1/2025,175,"$1,956.31 ","$2,295.66 ",$19.60 ,$266.45 ,"$2,009.61 ",$0.00 ,$0.00 ,$0.00 ,$7.89 ,$51.00 ,"$2,068.50 ",$113.07 ,$97.97 
1/31/2025,147,"$1,680.28 ","$1,946.83 ",$0.00 ,$223.00 ,"$1,723.83 ",$0.00 ,$0.00 ,$0.00 ,$11.36 ,$43.50 ,"$1,778.69 ",$95.70 ,$84.11 
1/30/2025,130,"$1,364.46 ","$1,608.52 ",$0.00 ,$205.86 ,"$1,402.66 ",$0.00 ,$0.00 ,$0.00 ,$9.76 ,$31.01 ,"$1,443.43 ",$80.84 ,$68.35 
1/29/2025,110,"$1,131.63 ","$1,338.82 ",$0.00 ,$175.29 ,"$1,163.53 ",$0.00 ,$0.00 ,$0.00 ,$7.65 ,$20.00 ,"$1,191.18 ",$67.53 ,$56.65 
1/28/2025,125,"$1,340.24 ","$1,547.66 ",$0.00 ,$171.07 ,"$1,376.59 ",$0.00 ,$0.00 ,$0.00 ,$3.96 ,$45.50 ,"$1,426.05 ",$78.82 ,$67.07 
1/27/2025,97,"$1,041.60 ","$1,231.33 ",$0.00 ,$160.68 ,"$1,070.65 ",$0.00 ,$0.00 ,$0.00 ,$4.10 ,$31.00 ,"$1,105.75 ",$60.80 ,$52.12 
1/26/2025,173,"$2,128.21 ","$2,451.57 ",$0.00 ,$271.61 ,"$2,179.96 ",$0.00 ,$0.00 ,$0.00 ,$6.94 ,$48.00 ,"$2,234.90 ",$116.73 ,$106.93 
1/25/2025,182,"$2,134.71 ","$2,437.42 ",$11.08 ,$238.63 ,"$2,187.71 ",$0.00 ,$0.00 ,$0.00 ,$10.01 ,$62.50 ,"$2,260.22 ",$120.50 ,$106.83 
1/24/2025,185,"$2,053.11 ","$2,416.30 ",$0.00 ,$307.34 ,"$2,108.96 ",$0.00 ,$0.00 ,$0.00 ,$12.36 ,$45.46 ,"$2,166.78 ",$118.31 ,$102.71 
1/23/2025,129,"$1,484.63 ","$1,708.35 ",$0.00 ,$185.67 ,"$1,522.68 ",$0.00 ,$0.00 ,$0.00 ,$2.59 ,$36.10 ,"$1,561.37 ",$83.94 ,$74.32 
1/22/2025,132,"$1,413.44 ","$1,662.24 ",$0.00 ,$210.10 ,"$1,452.14 ",$0.00 ,$0.00 ,$0.00 ,$6.46 ,$31.85 ,"$1,490.45 ",$82.78 ,$70.73 
1/21/2025,109,"$1,162.19 ","$1,365.62 ",$0.00 ,$170.58 ,"$1,195.04 ",$0.00 ,$0.00 ,$0.00 ,$2.07 ,$26.31 ,"$1,223.42 ",$68.12 ,$58.20 
1/20/2025,121,"$1,348.89 ","$1,551.96 ",$0.00 ,$166.92 ,"$1,385.04 ",$0.00 ,$0.00 ,$0.00 ,$5.25 ,$34.50 ,"$1,424.79 ",$77.56 ,$67.47 
1/19/2025,154,"$2,121.35 ","$2,186.79 ",$4.50 ,$15.14 ,"$2,167.15 ",$0.00 ,$0.00 ,$0.00 ,$14.90 ,$54.52 ,"$2,236.57 ",$111.19 ,$106.25 
1/18/2025,131,"$1,700.55 ","$1,835.21 ",$43.90 ,$51.56 ,"$1,739.75 ",$0.00 ,$0.00 ,$0.00 ,$8.48 ,$84.86 ,"$1,833.09 ",$93.82 ,$85.12 
1/17/2025,76,$931.25 ,"$1,060.12 ",$0.00 ,$105.77 ,$954.35 ,$0.00 ,$0.00 ,$0.00 ,$1.10 ,$35.00 ,$990.45 ,$51.52 ,$46.56 
1/16/2025,64,$737.25 ,$833.45 ,$8.00 ,$68.70 ,$756.75 ,$0.00 ,$0.00 ,$0.00 ,$3.99 ,$29.00 ,$789.74 ,$42.32 ,$36.89 
1/15/2025,40,$477.26 ,$537.24 ,$0.00 ,$47.68 ,$489.56 ,$0.00 ,$0.00 ,$0.00 ,$0.78 ,$12.00 ,$502.34 ,$26.58 ,$23.90 
1/14/2025,57,$779.16 ,$855.32 ,$0.00 ,$58.61 ,$796.71 ,$0.00 ,$0.00 ,$0.00 ,$1.10 ,$30.99 ,$828.80 ,$41.15 ,$39.00 
1/13/2025,42,$522.85 ,$599.66 ,$0.00 ,$64.21 ,$535.45 ,$0.00 ,$0.00 ,$0.00 ,$0.39 ,$17.50 ,$553.34 ,$28.63 ,$26.16 
1/12/2025,64,$900.40 ,$982.38 ,$0.00 ,$63.38 ,$919.00 ,$0.00 ,$0.00 ,$0.00 ,$3.43 ,$42.50 ,$964.93 ,$47.19 ,$45.06 
1/11/2025,81,"$1,154.02 ","$1,272.80 ",$0.00 ,$93.23 ,"$1,179.57 ",$0.00 ,$0.00 ,$0.00 ,$3.53 ,$56.00 ,"$1,239.10 ",$60.20 ,$57.78 
1/10/2025,62,$868.96 ,$941.33 ,$0.00 ,$52.97 ,$888.36 ,$0.00 ,$0.00 ,$0.00 ,$6.37 ,$31.00 ,$925.73 ,$45.46 ,$43.49 
1/9/2025,41,$514.16 ,$576.50 ,$0.00 ,$49.89 ,$526.61 ,$0.00 ,$0.00 ,$0.00 ,$2.18 ,$23.06 ,$551.85 ,$28.35 ,$25.75 
1/8/2025,32,$442.53 ,$493.73 ,$0.00 ,$41.50 ,$452.23 ,$0.00 ,$0.00 ,$0.00 ,$1.81 ,$9.50 ,$463.54 ,$23.04 ,$22.15 
1/7/2025,41,$630.07 ,$710.78 ,$0.00 ,$68.16 ,$642.62 ,$0.00 ,$0.00 ,$0.00 ,$4.08 ,$24.00 ,$670.70 ,$31.76 ,$31.53 
1/6/2025,27,$312.11 ,$360.60 ,$0.00 ,$40.24 ,$320.36 ,$0.00 ,$0.00 ,$0.00 ,$1.44 ,$19.00 ,$340.80 ,$17.98 ,$15.65 
1/5/2025,72,$966.38 ,"$1,065.84 ",$0.00 ,$77.66 ,$988.18 ,$0.00 ,$0.00 ,$0.00 ,$5.20 ,$45.00 ,"$1,038.38 ",$51.71 ,$48.40 
1/4/2025,108,"$1,614.69 ","$1,758.90 ",$0.00 ,$110.91 ,"$1,647.99 ",$0.00 ,$0.00 ,$0.00 ,$10.33 ,$69.03 ,"$1,727.35 ",$82.51 ,$80.83 
1/3/2025,77,"$1,042.79 ","$1,156.34 ",$0.00 ,$89.70 ,"$1,066.64 ",$0.00 ,$0.00 ,$0.00 ,$1.64 ,$50.48 ,"$1,118.76 ",$55.53 ,$52.19 
1/2/2025,65,"$1,025.92 ","$1,114.38 ",$0.00 ,$68.31 ,"$1,046.07 ",$0.00 ,$0.00 ,$0.00 ,$3.08 ,$39.27 ,"$1,088.42 ",$51.10 ,$51.35 
1/1/2025,0,$0.00 ,$0.00 ,$0.00 ,$0.00 ,$0.00 ,$0.00 ,$0.00 ,$0.00 ,$0.00 ,$0.00 ,$0.00 ,$0.00 ,$0.00 
12/31/2024,4,$0.00 ,$84.96 ,$76.33 ,$8.63 ,$0.00 ,$0.00 ,$0.00 ,$0.00 ,$0.00 ,$0.00 ,$0.00 ,$3.47 ,$0.00 
12/30/2024,70,$885.58 ,$978.91 ,$0.00 ,$72.13 ,$906.78 ,$0.00 ,$0.00 ,$0.00 ,$3.26 ,$50.70 ,$960.74 ,$48.87 ,$44.29 
12/29/2024,84,"$1,088.99 ","$1,197.31 ",$0.00 ,$82.82 ,"$1,114.49 ",$0.00 ,$0.00 ,$0.00 ,$1.81 ,$47.33 ,"$1,163.63 ",$58.97 ,$54.51 
12/28/2024,67,$949.89 ,"$1,040.07 ",$0.00 ,$68.93 ,$971.14 ,$0.00 ,$0.00 ,$0.00 ,$4.01 ,$47.00 ,"$1,022.15 ",$49.74 ,$47.55 
12/27/2024,60,$754.04 ,$844.14 ,$0.00 ,$71.10 ,$773.04 ,$0.00 ,$0.00 ,$0.00 ,$3.96 ,$33.00 ,$810.00 ,$41.52 ,$37.79 
12/26/2024,78,"$1,105.38 ","$1,232.56 ",$0.00 ,$102.88 ,"$1,129.68 ",$0.00 ,$0.00 ,$0.00 ,$4.92 ,$41.30 ,"$1,175.90 ",$57.52 ,$55.34 
12/25/2024,0,$0.00 ,$0.00 ,$0.00 ,$0.00 ,$0.00 ,$0.00 ,$0.00 ,$0.00 ,$0.00 ,$0.00 ,$0.00 ,$0.00 ,$0.00 
12/24/2024,1,$12.01 ,$13.56 ,$0.00 ,$1.20 ,$12.36 ,$0.00 ,$0.00 ,$0.00 ,$0.00 ,$0.00 ,$12.36 ,$0.66 ,$0.60 
12/23/2024,64,$857.24 ,$945.17 ,$0.00 ,$67.93 ,$877.24 ,$0.00 ,$0.00 ,$0.00 ,$6.72 ,$41.00 ,$924.96 ,$46.05 ,$42.91 
12/22/2024,104,"$1,489.35 ","$1,702.88 ",$10.77 ,$172.26 ,"$1,519.85 ",$0.00 ,$0.00 ,$0.00 ,$14.47 ,$59.50 ,"$1,593.82 ",$77.67 ,$74.54 
12/21/2024,131,"$1,755.94 ","$2,022.05 ",$25.77 ,$200.39 ,"$1,795.89 ",$0.00 ,$0.00 ,$0.00 ,$6.99 ,$51.47 ,"$1,854.35 ",$93.54 ,$87.91 
12/20/2024,235,"$2,871.41 ","$2,988.22 ",$4.50 ,$42.06 ,"$2,941.66 ",$0.00 ,$0.00 ,$0.00 ,$7.42 ,$56.51 ,"$3,005.59 ",$157.80 ,$143.67 
12/19/2024,288,"$3,042.55 ","$3,538.70 ",$0.00 ,$411.15 ,"$3,127.55 ",$0.00 ,$0.00 ,$0.00 ,$17.00 ,$46.81 ,"$3,191.36 ",$178.71 ,$152.37 
12/18/2024,258,"$2,778.21 ","$3,235.27 ",$0.00 ,$383.06 ,"$2,852.21 ",$0.00 ,$0.00 ,$0.00 ,$9.07 ,$44.32 ,"$2,905.60 ",$161.63 ,$139.07 
12/17/2024,242,"$2,550.74 ","$3,060.99 ",$18.93 ,$420.77 ,"$2,621.29 ",$0.00 ,$0.00 ,$0.00 ,$11.09 ,$47.82 ,"$2,680.20 ",$151.00 ,$127.67 
12/16/2024,190,"$2,057.78 ","$2,411.80 ",$0.00 ,$297.32 ,"$2,114.48 ",$0.00 ,$0.00 ,$0.00 ,$2.76 ,$35.00 ,"$2,152.24 ",$119.40 ,$103.05 
12/15/2024,196,"$2,435.44 ","$2,797.63 ",$0.00 ,$303.09 ,"$2,494.54 ",$0.00 ,$0.00 ,$0.00 ,$13.29 ,$61.53 ,"$2,569.36 ",$133.31 ,$121.83 
12/14/2024,197,"$2,406.49 ","$2,785.60 ",$0.00 ,$319.66 ,"$2,465.94 ",$0.00 ,$0.00 ,$0.00 ,$12.33 ,$41.31 ,"$2,519.58 ",$132.37 ,$120.99 
12/13/2024,137,"$1,607.17 ","$1,832.25 ",$0.00 ,$182.63 ,"$1,649.62 ",$0.00 ,$0.00 ,$0.00 ,$4.11 ,$40.80 ,"$1,694.53 ",$90.35 ,$81.21 
12/12/2024,141,"$1,600.95 ","$1,874.77 ",$9.55 ,$222.67 ,"$1,642.55 ",$0.00 ,$0.00 ,$0.00 ,$7.92 ,$29.04 ,"$1,679.51 ",$91.28 ,$80.15 
12/11/2024,122,"$1,287.10 ","$1,509.70 ",$0.00 ,$187.30 ,"$1,322.40 ",$0.00 ,$0.00 ,$0.00 ,$3.37 ,$41.12 ,"$1,366.89 ",$76.26 ,$64.44 
12/10/2024,138,"$1,536.74 ","$1,796.55 ",$6.67 ,$211.84 ,"$1,578.04 ",$0.00 ,$0.00 ,$0.00 ,$11.85 ,$46.50 ,"$1,636.39 ",$88.75 ,$76.92 
12/9/2024,144,"$1,723.68 ","$1,998.60 ",$0.00 ,$231.62 ,"$1,766.98 ",$0.00 ,$0.00 ,$0.00 ,$5.00 ,$42.50 ,"$1,814.48 ",$95.61 ,$86.31 
12/8/2024,175,"$2,011.97 ","$2,362.14 ",$0.00 ,$298.42 ,"$2,063.72 ",$0.00 ,$0.00 ,$0.00 ,$6.58 ,$54.07 ,"$2,124.37 ",$114.09 ,$100.74 
12/7/2024,191,"$2,339.66 ","$2,651.57 ",$0.00 ,$254.06 ,"$2,397.51 ",$0.00 ,$0.00 ,$0.00 ,$3.92 ,$66.37 ,"$2,467.80 ",$128.93 ,$117.12 
12/6/2024,191,"$2,156.18 ","$2,502.59 ",$0.00 ,$291.16 ,"$2,211.43 ",$0.00 ,$0.00 ,$0.00 ,$11.68 ,$48.00 ,"$2,271.11 ",$123.26 ,$107.92 
12/5/2024,161,"$1,740.29 ","$2,052.27 ",$0.00 ,$264.63 ,"$1,787.64 ",$0.00 ,$0.00 ,$0.00 ,$8.47 ,$27.81 ,"$1,823.92 ",$101.17 ,$87.17 
12/4/2024,137,"$1,586.42 ","$1,834.96 ",$0.00 ,$207.89 ,"$1,627.07 ",$0.00 ,$0.00 ,$0.00 ,$3.40 ,$28.15 ,"$1,658.62 ",$89.26 ,$79.41 
12/3/2024,128,"$1,344.98 ","$1,586.38 ",$0.00 ,$203.40 ,"$1,382.98 ",$0.00 ,$0.00 ,$0.00 ,$3.28 ,$29.00 ,"$1,415.26 ",$79.47 ,$67.28 
12/2/2024,105,"$1,199.60 ","$1,410.38 ",$0.00 ,$179.73 ,"$1,230.65 ",$0.00 ,$0.00 ,$0.00 ,$9.43 ,$25.50 ,"$1,265.58 ",$68.16 ,$60.04 
12/1/2024,84,"$1,034.59 ","$1,178.17 ",$0.00 ,$117.98 ,"$1,060.19 ",$0.00 ,$0.00 ,$0.00 ,$2.41 ,$31.00 ,"$1,093.60 ",$56.89 ,$51.79 
11/30/2024,79,"$1,013.20 ","$1,151.75 ",$0.00 ,$114.50 ,"$1,037.25 ",$0.00 ,$0.00 ,$0.00 ,$7.03 ,$37.01 ,"$1,081.29 ",$55.01 ,$50.72 
11/29/2024,81,"$1,232.67 ","$1,368.24 ",$0.00 ,$109.92 ,"$1,258.32 ",$0.00 ,$0.00 ,$0.00 ,$2.93 ,$40.97 ,"$1,302.22 ",$62.07 ,$61.71 
11/28/2024,0,$0.00 ,$0.00 ,$0.00 ,$0.00 ,$0.00 ,$0.00 ,$0.00 ,$0.00 ,$0.00 ,$0.00 ,$0.00 ,$0.00 ,$0.00 
11/27/2024,65,$942.23 ,"$1,063.13 ",$27.96 ,$73.29 ,$961.88 ,$0.00 ,$0.00 ,$0.00 ,$4.83 ,$32.90 ,$999.61 ,$49.32 ,$47.12 
11/26/2024,130,"$1,650.68 ","$1,886.52 ",$0.00 ,$196.64 ,"$1,689.88 ",$0.00 ,$0.00 ,$0.00 ,$4.22 ,$50.22 ,"$1,744.32 ",$89.56 ,$82.57 
11/25/2024,146,"$1,594.54 ","$1,805.75 ",$0.00 ,$167.91 ,"$1,637.84 ",$0.00 ,$0.00 ,$0.00 ,$5.35 ,$40.75 ,"$1,683.94 ",$92.63 ,$79.82 
11/24/2024,191,"$2,229.49 ","$2,581.60 ",$0.00 ,$294.86 ,"$2,286.74 ",$0.00 ,$0.00 ,$0.00 ,$15.07 ,$48.51 ,"$2,350.32 ",$125.19 ,$111.65 
11/23/2024,277,"$3,318.14 ","$3,772.12 ",$9.21 ,$360.47 ,"$3,402.44 ",$0.00 ,$0.00 ,$0.00 ,$16.29 ,$99.03 ,"$3,517.76 ",$185.31 ,$166.48 
11/22/2024,149,"$1,671.62 ","$1,954.93 ",$0.00 ,$238.06 ,"$1,716.87 ",$0.00 ,$0.00 ,$0.00 ,$2.13 ,$46.00 ,"$1,765.00 ",$96.09 ,$84.66 
11/21/2024,206,"$2,364.62 ","$2,788.29 ",$0.00 ,$362.67 ,"$2,425.62 ",$0.00 ,$0.00 ,$0.00 ,$11.32 ,$55.00 ,"$2,491.94 ",$134.01 ,$118.37 
11/20/2024,184,"$1,891.16 ","$2,280.12 ",$0.00 ,$336.26 ,"$1,943.86 ",$0.00 ,$0.00 ,$0.00 ,$6.28 ,$30.50 ,"$1,980.64 ",$112.60 ,$94.64 
11/19/2024,157,"$1,759.24 ","$2,040.89 ",$0.00 ,$235.00 ,"$1,805.89 ",$0.00 ,$0.00 ,$0.00 ,$10.73 ,$50.02 ,"$1,866.64 ",$101.32 ,$88.04 
11/18/2024,144,"$1,571.30 ","$1,870.27 ",$10.51 ,$245.96 ,"$1,613.80 ",$0.00 ,$0.00 ,$0.00 ,$8.42 ,$32.00 ,"$1,654.22 ",$91.51 ,$78.62 
11/17/2024,215,"$2,454.79 ","$2,821.58 ",$0.00 ,$302.34 ,"$2,519.24 ",$0.00 ,$0.00 ,$0.00 ,$10.21 ,$68.03 ,"$2,597.48 ",$140.05 ,$123.70 
11/16/2024,235,"$2,754.88 ","$3,212.58 ",$17.24 ,$369.96 ,"$2,825.38 ",$0.00 ,$0.00 ,$0.00 ,$13.42 ,$65.20 ,"$2,904.00 ",$155.23 ,$138.00 
11/15/2024,219,"$2,450.77 ","$2,847.86 ",$0.00 ,$331.04 ,"$2,516.82 ",$0.00 ,$0.00 ,$0.00 ,$13.10 ,$51.10 ,"$2,581.02 ",$140.82 ,$123.00 
11/14/2024,235,"$2,367.28 ","$2,872.03 ",$6.26 ,$429.89 ,"$2,435.88 ",$0.00 ,$0.00 ,$0.00 ,$10.53 ,$38.11 ,"$2,484.52 ",$142.72 ,$118.57 
11/13/2024,205,"$1,983.16 ","$2,388.55 ",$0.00 ,$344.04 ,"$2,044.51 ",$0.00 ,$0.00 ,$0.00 ,$15.04 ,$36.83 ,"$2,096.38 ",$122.51 ,$99.72 
11/12/2024,135,"$1,438.98 ","$1,707.94 ",$0.00 ,$228.51 ,"$1,479.43 ",$0.00 ,$0.00 ,$0.00 ,$10.65 ,$27.00 ,"$1,517.08 ",$84.44 ,$72.01 
11/11/2024,137,"$1,549.33 ","$1,827.61 ",$10.74 ,$226.64 ,"$1,590.23 ",$0.00 ,$0.00 ,$0.00 ,$3.55 ,$30.00 ,"$1,623.78 ",$88.60 ,$77.59 
11/10/2024,196,"$2,528.33 ","$2,849.60 ",$0.00 ,$263.77 ,"$2,585.83 ",$0.00 ,$0.00 ,$0.00 ,$13.37 ,$70.83 ,"$2,670.03 ",$136.28 ,$126.55 
11/9/2024,204,"$2,482.62 ","$2,880.63 ",$0.00 ,$334.71 ,"$2,545.92 ",$0.00 ,$0.00 ,$0.00 ,$13.56 ,$71.25 ,"$2,630.73 ",$137.46 ,$124.32 
11/8/2024,220,"$2,578.78 ","$3,009.51 ",$0.00 ,$364.93 ,"$2,644.58 ",$0.00 ,$0.00 ,$0.00 ,$9.37 ,$69.48 ,"$2,723.43 ",$144.85 ,$129.07 
11/7/2024,249,"$2,763.96 ","$3,270.90 ",$0.00 ,$432.69 ,"$2,838.21 ",$0.00 ,$0.00 ,$0.00 ,$14.56 ,$50.50 ,"$2,903.27 ",$158.82 ,$138.40 
11/6/2024,166,"$1,777.86 ","$2,126.14 ",$0.00 ,$299.78 ,"$1,826.36 ",$0.00 ,$0.00 ,$0.00 ,$9.81 ,$32.65 ,"$1,868.82 ",$104.01 ,$89.01 
11/5/2024,171,"$1,760.29 ","$2,077.99 ",$0.00 ,$268.65 ,"$1,809.34 ",$0.00 ,$0.00 ,$0.00 ,$3.49 ,$36.25 ,"$1,849.08 ",$104.67 ,$88.15 
11/4/2024,129,"$1,525.69 ","$1,620.57 ",$0.00 ,$61.33 ,"$1,559.24 ",$0.00 ,$0.00 ,$0.00 ,$9.45 ,$40.00 ,"$1,608.69 ",$85.36 ,$76.36 
11/3/2024,236,"$2,781.79 ","$2,959.90 ",$17.90 ,$100.06 ,"$2,841.94 ",$0.00 ,$0.00 ,$0.00 ,$13.83 ,$66.00 ,"$2,921.77 ",$156.11 ,$139.29 
11/2/2024,195,"$2,335.27 ","$2,447.28 ",$0.00 ,$57.81 ,"$2,389.47 ",$0.00 ,$0.00 ,$0.00 ,$12.72 ,$81.75 ,"$2,483.94 ",$130.50 ,$116.92 
11/1/2024,191,"$1,939.34 ","$2,114.04 ",$0.00 ,$127.05 ,"$1,986.99 ",$0.00 ,$0.00 ,$0.00 ,$8.52 ,$59.10 ,"$2,054.61 ",$116.94 ,$97.12 
10/31/2024,175,"$1,849.18 ","$1,998.75 ",$0.00 ,$102.17 ,"$1,896.58 ",$0.00 ,$0.00 ,$0.00 ,$8.43 ,$51.46 ,"$1,956.47 ",$109.32 ,$92.61 
10/30/2024,151,"$1,461.76 ","$1,611.24 ",$0.00 ,$117.53 ,"$1,493.71 ",$0.00 ,$0.00 ,$0.00 ,$6.56 ,$14.00 ,"$1,514.27 ",$89.27 ,$73.26 
10/29/2024,149,"$1,590.80 ","$1,706.12 ",$0.00 ,$73.42 ,"$1,632.70 ",$0.00 ,$0.00 ,$0.00 ,$9.99 ,$43.00 ,"$1,685.69 ",$93.44 ,$79.73 
10/28/2024,111,"$1,127.58 ","$1,220.74 ",$5.24 ,$58.67 ,"$1,156.83 ",$0.00 ,$0.00 ,$0.00 ,$3.95 ,$26.31 ,"$1,187.09 ",$67.92 ,$56.46 
10/27/2024,201,"$2,189.37 ","$2,360.64 ",$3.96 ,$116.96 ,"$2,239.72 ",$0.00 ,$0.00 ,$0.00 ,$7.27 ,$34.50 ,"$2,281.49 ",$126.68 ,$109.61 
10/26/2024,193,"$2,110.32 ","$2,234.50 ",$0.00 ,$70.53 ,"$2,163.97 ",$0.00 ,$0.00 ,$0.00 ,$14.15 ,$60.00 ,"$2,238.12 ",$122.82 ,$106.13 
10/25/2024,183,"$1,879.42 ","$2,017.19 ",$0.00 ,$91.12 ,"$1,926.07 ",$0.00 ,$0.00 ,$0.00 ,$8.53 ,$57.44 ,"$1,992.04 ",$112.71 ,$94.14 
10/24/2024,181,"$1,751.95 ","$1,922.97 ",$0.00 ,$124.72 ,"$1,798.25 ",$0.00 ,$0.00 ,$0.00 ,$5.30 ,$35.17 ,"$1,838.72 ",$107.69 ,$87.77 
10/23/2024,183,"$1,940.85 ","$2,144.64 ",$0.00 ,$159.34 ,"$1,985.30 ",$0.00 ,$0.00 ,$0.00 ,$5.54 ,$34.50 ,"$2,025.34 ",$113.72 ,$97.18 
10/22/2024,180,"$1,771.34 ","$1,913.93 ",$0.00 ,$94.29 ,"$1,819.64 ",$0.00 ,$0.00 ,$0.00 ,$11.62 ,$44.00 ,"$1,875.26 ",$108.42 ,$88.77 
10/21/2024,113,"$1,120.35 ","$1,222.16 ",$0.00 ,$73.96 ,"$1,148.20 ",$0.00 ,$0.00 ,$0.00 ,$6.61 ,$34.50 ,"$1,189.31 ",$68.42 ,$56.10 
10/20/2024,195,"$2,413.06 ","$2,529.19 ",$0.00 ,$63.23 ,"$2,465.96 ",$0.00 ,$0.00 ,$0.00 ,$15.30 ,$48.68 ,"$2,529.94 ",$132.03 ,$120.76 
10/19/2024,207,"$2,266.19 ","$2,396.34 ",$0.00 ,$74.80 ,"$2,321.54 ",$0.00 ,$0.00 ,$0.00 ,$12.20 ,$76.16 ,"$2,409.90 ",$132.04 ,$113.47 
10/18/2024,242,"$2,710.96 ","$2,904.27 ",$10.99 ,$117.02 ,"$2,776.26 ",$0.00 ,$0.00 ,$0.00 ,$7.37 ,$80.01 ,"$2,863.64 ",$156.08 ,$135.77 
10/17/2024,195,"$1,950.96 ","$2,132.68 ",$0.00 ,$134.22 ,"$1,998.46 ",$0.00 ,$0.00 ,$0.00 ,$3.78 ,$45.64 ,"$2,047.88 ",$117.90 ,$97.71 
10/16/2024,181,"$1,829.99 ","$1,989.44 ",$0.00 ,$112.90 ,"$1,876.54 ",$0.00 ,$0.00 ,$0.00 ,$5.69 ,$52.30 ,"$1,934.53 ",$110.46 ,$91.61 
10/15/2024,208,"$2,113.37 ","$2,316.36 ",$0.00 ,$152.04 ,"$2,164.32 ",$0.00 ,$0.00 ,$0.00 ,$4.68 ,$47.50 ,"$2,216.50 ",$126.81 ,$105.79 
10/14/2024,136,"$1,533.42 ","$1,649.03 ",$9.95 ,$70.96 ,"$1,568.12 ",$0.00 ,$0.00 ,$0.00 ,$7.27 ,$21.00 ,"$1,596.39 ",$87.47 ,$76.76 
10/13/2024,191,"$2,197.56 ","$2,324.98 ",$6.95 ,$69.87 ,"$2,248.16 ",$0.00 ,$0.00 ,$0.00 ,$9.17 ,$70.24 ,"$2,327.57 ",$125.05 ,$110.01 
10/12/2024,219,"$2,586.54 ","$2,715.69 ",$0.00 ,$67.65 ,"$2,648.04 ",$0.00 ,$0.00 ,$0.00 ,$18.71 ,$65.50 ,"$2,732.25 ",$144.99 ,$129.48 
10/11/2024,225,"$2,534.86 ","$2,703.68 ",$0.00 ,$109.67 ,"$2,594.01 ",$0.00 ,$0.00 ,$0.00 ,$11.56 ,$60.55 ,"$2,666.12 ",$144.91 ,$126.89 
10/10/2024,195,"$2,010.33 ","$2,191.61 ",$0.00 ,$134.38 ,"$2,057.23 ",$0.00 ,$0.00 ,$0.00 ,$7.13 ,$49.10 ,"$2,113.46 ",$119.82 ,$100.63 
10/9/2024,163,"$1,520.19 ","$1,632.42 ",$0.00 ,$72.58 ,"$1,559.84 ",$0.00 ,$0.00 ,$0.00 ,$4.72 ,$24.69 ,"$1,589.25 ",$95.02 ,$76.18 
10/8/2024,143,"$1,569.17 ","$1,707.97 ",$0.00 ,$100.45 ,"$1,607.52 ",$0.00 ,$0.00 ,$0.00 ,$12.06 ,$48.24 ,"$1,667.82 ",$91.30 ,$78.60 
10/7/2024,111,"$1,254.26 ","$1,340.97 ",$0.00 ,$55.96 ,"$1,285.01 ",$0.00 ,$0.00 ,$0.00 ,$2.85 ,$33.12 ,"$1,320.98 ",$71.61 ,$62.75 
10/6/2024,182,"$1,972.02 ","$2,099.92 ",$3.49 ,$76.76 ,"$2,019.67 ",$0.00 ,$0.00 ,$0.00 ,$23.68 ,$44.25 ,"$2,087.60 ",$115.22 ,$99.72 
10/5/2024,141,"$1,528.02 ","$1,620.24 ",$0.00 ,$57.12 ,"$1,563.12 ",$0.00 ,$0.00 ,$0.00 ,$13.50 ,$37.04 ,"$1,613.66 ",$89.09 ,$76.50 
10/4/2024,198,"$2,220.82 ","$2,365.24 ",$0.00 ,$87.92 ,"$2,277.32 ",$0.00 ,$0.00 ,$0.00 ,$15.97 ,$60.00 ,"$2,353.29 ",$127.66 ,$111.15 
10/3/2024,187,"$1,937.16 ","$2,102.47 ",$0.00 ,$112.66 ,"$1,989.81 ",$0.00 ,$0.00 ,$0.00 ,$4.31 ,$37.00 ,"$2,031.12 ",$115.06 ,$97.54 
10/2/2024,181,"$1,787.30 ","$1,947.99 ",$0.00 ,$120.29 ,"$1,827.70 ",$0.00 ,$0.00 ,$0.00 ,$4.68 ,$35.50 ,"$1,867.88 ",$108.54 ,$89.51 
10/1/2024,148,"$1,473.45 ","$1,608.29 ",$0.00 ,$97.59 ,"$1,510.70 ",$0.00 ,$0.00 ,$0.00 ,$6.09 ,$29.79 ,"$1,546.58 ",$89.36 ,$73.76 
9/30/2024,130,"$1,480.40 ","$1,595.20 ",$0.00 ,$85.90 ,"$1,509.30 ",$0.00 ,$0.00 ,$0.00 ,$7.91 ,$34.35 ,"$1,551.56 ",$84.08 ,$74.16 
9/29/2024,165,"$1,799.13 ","$1,881.55 ",$0.00 ,$37.22 ,"$1,844.33 ",$0.00 ,$0.00 ,$0.00 ,$7.97 ,$45.51 ,"$1,897.81 ",$104.57 ,$90.10 
